
@INPROCEEDINGS{par:mrubyonTECS, 
    author={Azumi, T. and Nagahara, Y. and Oyama, H. and Nishio, N.}, 
    booktitle={Proceedings of the 18th IEEE International Symposium on Real-Time Distributed Computing (ISORC)}, 
    title="{mruby on TECS: Component-Based Framework for Running Script Program}", 
    year={2015}, 
    pages={252-259}, 
memo="ISSN={1555-0885}", 
memo="month={April}",
}
@INPROCEEDINGS{par:mruby,  
author={K. Tanaka and A. D. Nagumanthri and Y. Matsumoto}, 
booktitle={Proceedings of the 15th International Conference on Computational Science and Its Applications (ICCSA)}, 
title="{mruby -- Rapid Software Development for Embedded Systems}", 
year={2015}, 
pages={27-32}, 
memo="month={June}",
memo="author={Tanaka, K. and Matsumoto, Y. and Arimori, H.}", 
memo="booktitle={Proceedings of the International Conference on Computational Science and Its Applications (ICCSA)}", 
memo="title={Embedded System Development by Lightweight Ruby}", 
memo="year={2011}", 
memo="pages={282-285}", 
memo="month={June}",

}
@article{par:microITRON,
author = {Hiroaki Takada and Ken Sakamura},
title = "{$\mu$ITRON for Small-Scale Embedded Systems}",
journal ={IEEE Micro},
volume = {15},
number = {6},
memo="issn = {0272-1732}",
year = {1995},
pages = {46-54},
publisher = {IEEE Computer Society},
memo="address = {Los Alamitos, CA, USA}",
}
@article{par:OSEK,
  title="{TECS Components Providing Functionalities of OSEK Specifications for ITRON OS}",
  author={Atsushi Ohno and Takuya Azumi and Nobuhiko Nishio},
  journal={Journal of Information Processing},
  volume={22},
  number={4},
  pages={584-594},
  year={2014},
}
@INPROCEEDINGS{par:hr-tecs, 
author={Ishikawa, T. and Azumi, T. and Oyama, H. and Takada, H.}, 
booktitle={Proceedings of the 16th IEEE International Symposium on Object/Component/Service-Oriented Real-Time Distributed Computing (ISORC)}, 
title="{HR-TECS: Component technology for embedded systems with memory protection}", 
year={2013}, 
pages={1-8}, 
memo="month={June}",
}
@article{par:EV3,
  title="{A Platform for LEGO Mindstorms EV3 Based on an RTOS with MMU Support}",
  author={Li, Yixiao and Ishikawa, Takuya and Matsubara, Yutaka and Takada, Hiroaki},
  journal={OSPERT 2014},
  pages={51},
  year={2014}
}
@INPROCEEDINGS{par:TECS, 
author={Azumi, T. and Yamamoto, M. and Kominami, Y. and Takagi, N. and Oyama, H. and Takada, H.}, 
booktitle={Proceedings of the 10th IEEE International Symposium on Object/Component/Service-Oriented Real-Time Distributed Computing (ISORC)}, 
title="{A New Specification of Software Components for Embedded Systems}", 
year={2007}, 
pages={46-50}, 
memo="month={May}",
}
@INPROCEEDINGS{par:ASP, 
author={Azumi, T. and Takada, H. and Ukai, T. and Oyama, H.}, 
booktitle={Proceedings of the 13th IEEE International Symposium on Object/Component/Service-Oriented Real-Time Distributed Computing (ISORC)}, 
title="{Wheeled Inverted Pendulum with Embedded Component System: A Case Study}", 
year={2010}, 
pages={151-155}, 
memo="month={May}",
}

@inproceedings{par:Crnkovic,
 author = {Crnkovic, Ivica},
 title = "{Component-based Software Engineering for Embedded Systems}",
 booktitle = {Proceedings of the 27th International Conference on Software Engineering},
memo="series = {ICSE '05}",
 year = {2005},
memo="isbn = {1-58113-963-2}",
memo="location = {St. Louis, MO, USA}",
 pages = {712--713},
memo="acmid = {1062631}",
memo="publisher = {ACM}",
} 
@INPROCEEDINGS{par:SaveCCM, 
author={H. Hansson and M. AAkerholm and I. Crnkovic and M. Torngren}, 
booktitle={Euromicro Conference, 2004. Proceedings. 30th}, 
title="{SaveCCM - a component model for safety-critical real-time systems}", 
year={2004}, 
pages={627-635}, 
memo="month={Aug}",
}
@article{par:SAVEapproach,
 author = {kerholm, Mikael and Carlson, Jan and Fredriksson, Johan and Hansson, Hans and H{\aa}kansson, John and M\"{o}ller, Anders and Pettersson, Paul and Tivoli, Massimo},
 title = "{The SAVE Approach to Component-based Development of Vehicular Systems}",
 journal = "Journal of Systems and Software ",
 volume = {80},
 number = {5},
memo="month = may",
 year = {2007},
memo="issn = {0164-1212}",
 pages = {655--667},
memo="publisher = {Elsevier Science Inc.}",
memo="address = {New York, NY, USA}",
} 
@ARTICLE{par:Koala, 
author={R. van Ommering and F. van der Linden and J. Kramer and J. Magee}, 
journal={Computer}, 
title="{The Koala component model for consumer electronics software}", 
year={2000}, 
volume={33}, 
number={3}, 
pages={78-85}, 
memo="month={Mar}",
}
@inproceedings{par:Lua,
 author = {Ierusalimschy, Roberto and de Figueiredo, Luiz Henrique and Celes, Waldemar},
 title = "{The Evolution of Lua}",
 booktitle = {Proceedings of the Third ACM SIGPLAN Conference on History of Programming Languages},
memo="series = {HOPL III}",
 year = {2007},
memo="isbn = {978-1-59593-766-7}",
memo="location = {San Diego, California}",
 pages = {2-1--2-26},
memo="publisher = {ACM}",
} 
@inproceedings{par:owl,
author = {Thomas W. Barr and Rebecca Smith and Scott Rixner},
title = "{Design and Implementation of an Embedded Python Run-Time System}",
booktitle = {Proceedings of the USENIX Annual Technical Conference (USENIX ATC 12)},
year = {2012},
memo="isbn = {978-931971-93-5}",
pages = {297--308},
}



@misc{par:zmodem,
    title="{The ZMODEM Inter Application File Transfer Protocol}",
    author={Forsberg, Chuck},
    year={1988},
memo="publisher={sl]: Omen Technology Inc}",
    howpublished = "\url{http://pauillac.inria.fr/~doligez/zmodem/zmodem.txt}",
                 
}

@misc{url:TOPPERS,
    title = "{TOPPERS Project}",
    howpublished = "\url{http://www.toppers.jp/en/index.html}",
}

@misc{url:AUTOSAR,
    title = "{AUTOSAR}",
    howpublished = "\url{http://www.autosar.org/}",
}
@misc{url:ASP,
    title = "{TOPPERS/ASP kernel}",
    author = {TOPPERS},        
    howpublished = "\url{https://www.toppers.jp/en/asp-kernel.html}",
}
@misc{url:HRP2,
    title = "{TOPPERS/HRP2 kernel}",
    author = {TOPPERS},
    howpublished = "\url{http://www.toppers.jp/en/hrp2-kernel.html}",
    
}
@misc{url:mruby,
    title = "{mruby}",
    howpublished = "\url{https://github.com/mruby/mruby}",
      
}
@misc{url:Lua,
    title = "{Lua}",
    howpublished = "\url{http://www.lua.org/}",
}
@misc{url:eLua,
    title = "{eLua}",
    howpublished = "\url{http://www.eluaproject.net}",
}
@misc{url:python-on-a-chip,
    title="{python-on-a-chip}",
    howpublished = "\url{http://code.google.com/archive/p/python-on-a-chip/}",
}
@misc{url:Ruby,
    title = "{Ruby}",
    howpublished = "\url{https://www.ruby-lang.org/en/}",
    
}
@misc{url:co-routine,
    title = "{class Fiber}",
    howpublished = "\url{http://docs.ruby-lang.org/en/2.3.0/Fiber.html}",
}

