@article{par:mrubyonTECS3, 
author={T. Yamamoto and H. Oyama and T. Azumi}, 
journal ="{JSSST Journal on Computer Software}",
title="{Component-Based Framework of Lightweight Ruby for Efficient Embedded Software Development}",
year={2017}, 
volume = {34},
number = {4},
pages = {3-16},
}
@INPROCEEDINGS{par:TINET+TECS,
author={T. Yamamoto and T. Hara and T. Ishikawa and H. Oyama and H. Takada and T. Azumi}, 
booktitle="{Proceedings of the IEEE 14th International Conference on Embedded Software and Systems (ICESS)}",
title="{TINET+TECS: Component-Based TCP/IP Protocol Stack for Embedded Systems}",
year={2017}, 
}
@INPROCEEDINGS{par:mrubyonTECS2, 
author={T. Yamamoto and H. Oyama and T. Azumi}, 
booktitle="{Proceedings of the 4th IEEE International Conference on Cyber-Physical Systems, Networks, and Applications (CPSNA)}",
title="{Lightweight Ruby Framework for Improving Embedded Software Efficiency}",
year={2016}, 
pages={71-76}, 
}
@article{par:nesc,
  title="{The nesC Language: A Holistic Approach to Networked Embedded Systems}",
  author={Gay, David and Levis, Philip and Von Behren, Robert and Welsh, Matt and Brewer, Eric and Culler, David},
  journal="{ACM SIGPLAN Notices}",
  volume={38},
  number={5},
  pages={1-11},
  year={2003},
} 
@inproceedings{par:frameworkCPS,
 author = {Chauhan, Saurabh and Patel, Pankesh and Delicato, Fl\'{a}via C. and Chaudhary, Sanjay},
 title = "{A Development Framework for Programming Cyber-physical Systems}",
 booktitle = "{Proceedings of the 2nd International Workshop on Software Engineering for Smart Cyber-Physical Systems (SEsCPS)}",
 year = {2016},
 pages = {47-53},
} 
@INPROCEEDINGS{par:cloud-based, 
author={H. Derhamy and J. Eliasson and J. Delsing and P. Priller}, 
booktitle="{Proceedings of the 20th Conference on Emerging Technologies Factory Automation (ETFA)}", 
title="{A survey of commercial frameworks for the Internet of Things}", 
year={2015}, 
pages={1-8}, 
}
@ARTICLE{par:MDD, 
author={V. Kulkarni and S. Reddy}, 
journal={IEEE Software}, 
title="{Separation of concerns in model-driven development}", 
year={2003}, 
volume={20}, 
number={5}, 
pages={64-69}, 
}
@INPROCEEDINGS{par:TLSF, 
author={M. Masmano and I. Ripoll and A. Crespo and J. Real}, 
booktitle="{Proceedings of the 16th Euromicro Conference on Real-Time Systems (ECRTS)}", 
title="{TLSF: a New Dynamic Memory Allocator for Real-Time Systems}", 
year={2004}, 
pages={79-88}, 
ISSN={1068-3070}, 
}
@INPROCEEDINGS{par:optimization, 
author={T. Azumi and H. Takada and H. Oyama}, 
booktitle="{Processings of the 7th IEEE/IFIP International Conference on Embedded and Ubiquitous Computing (EUC)}",
title="{Optimization of Component Connections for an Embedded Component System}",
year={2009}, 
pages={182-188},
}
@INPROCEEDINGS{par:mrubyonTECS, 
    author={Azumi, T. and Nagahara, Y. and Oyama, H. and Nishio, N.}, 
    booktitle="{Proceedings of the 18th IEEE International Symposium on Real-Time Computing (ISORC)}",
    title="{mruby on TECS: Component-Based Framework for Running Script Program}", 
    year={2015},
    pages={252-259}, 
memo="ISSN={1555-0885}", 
}
@INPROCEEDINGS{par:mruby,
author={Tanaka, Kazuaki and Higashi, Hirohito},
title="{mruby -- Rapid IoT Software Development}",
bookTitle="{Proceedings of 17th International Conference on Computational Science and Its Applications (ICCSA)}",
year={2017},
pages={733-742},
}
@article{par:microITRON,
author = {Hiroaki Takada and Ken Sakamura},
title = "{$\mu$ITRON for Small-Scale Embedded Systems}",
journal ={IEEE Micro},
volume = {15},
number = {6},
memo="issn = {0272-1732}",
year = {1995},
pages = {46-54},
publisher = {IEEE Computer Society},
memo="address = {Los Alamitos, CA, USA}",
}
@article{par:OSEK,
  title="{TECS Components Providing Functionalities of OSEK Specifications for ITRON OS}",
  author={Atsushi Ohno and Takuya Azumi and Nobuhiko Nishio},
  journal={Journal of Information Processing},
  volume={22},
  number={4},
  pages={584-594},
  year={2014},
}
@INPROCEEDINGS{par:hr-tecs, 
author={Ishikawa, T. and Azumi, T. and Oyama, H. and Takada, H.}, 
booktitle={Proceedings of the 16th IEEE International Symposium on Object/Component/Service-Oriented Real-Time Distributed Computing (ISORC)}, 
title="{HR-TECS: Component Technology for Embedded Systems with Memory Protection}", 
year={2013}, 
pages={1-8}, 
}
@article{par:EV3,
  title="{A Platform for LEGO Mindstorms EV3 Based on an RTOS with MMU Support}",
  author={Li, Yixiao and Ishikawa, Takuya and Matsubara, Yutaka and Takada, Hiroaki},
  journal={OSPERT 2014},
  pages={51-59},
  year={2014}
}
@INPROCEEDINGS{par:TECS, 
author={Azumi, T. and Yamamoto, M. and Kominami, Y. and Takagi, N. and Oyama, H. and Takada, H.}, 
booktitle={Proceedings of the 10th IEEE International Symposium on Object/Component/Service-Oriented Real-Time Distributed Computing (ISORC)}, 
title="{A New Specification of Software Components for Embedded Systems}", 
year={2007}, 
pages={46-50}, 
}
@INPROCEEDINGS{par:RPC, 
author={Azumi, T. and Oyama, H. and Takada, H.}, 
booktitle={Proceedings of the 9th IASTED International Conference on Software Engineering and Applications (SEA)},
title="{Memory Allocator for Efficient Task Communications by Using RPC Channels in an Embedded Component System}", 
year={2008}, 
pages={204-209}, 
}

@INPROCEEDINGS{par:ASP, 
author={Azumi, T. and Ukai, T. and Oyama, H. and Takada, H.}, 
booktitle={Proceedings of the 13th IEEE International Symposium on Object/Component/Service-Oriented Real-Time Distributed Computing (ISORC)}, 
title="{Wheeled Inverted Pendulum with Embedded Component System: A Case Study}", 
year={2010}, 
pages={151-155}, 
}

@INPROCEEDINGS{par:ASP3, 
author={Kawada, T. and Azumi, T. and Oyama, H. and Takada, H.}, 
booktitle={Proceedings of the 4th IEEE International Conference on Cyber-Physical Systems, Networks, and Applications (CPSNA)}, 
title="{Componentizing an Operating System Feature Using a TECS Plugin}", 
year={2016}, 
pages={95-99}, 
}

@INPROCEEDINGS{par:Crnkovic,
 author = {Crnkovic, Ivica},
 title = "{Component-based Software Engineering for Embedded Systems}",
 booktitle = {Proceedings of the 27th International Conference on Software Engineering (ICSE)},
memo="series = {ICSE '05}",
 year = {2005},
memo="isbn = {1-58113-963-2}",
memo="location = {St. Louis, MO, USA}",
 pages = {712-713},
memo="acmid = {1062631}",
memo="publisher = {ACM}",
}
@INPROCEEDINGS{par:CBD, 
author={Xia Cai and M. R. Lyu and Kam-Fai Wong and Roy Ko}, 
booktitle={Processings of 7th Asia-Pacific Software Engineering Conference (APSEC)}, 
title="{Component-based Software Engineering: Technologies, Development Frameworks, and Quality Assurance Schemes}",
year={2000}, 
pages={372-379}, 
}
@INPROCEEDINGS{par:SaveCCM, 
author={H. Hansson and M. {\AA}kerholm and I. Crnkovic and M. Torngren}, 
booktitle={Euromicro Conference, 2004. Proceedings. 30th}, 
title="{SaveCCM - a component model for safety-critical real-time systems}", 
year={2004}, 
pages={627-635}, 
}
@article{par:SAVEapproach,
 author = {{\AA}kerholm, Mikael and Carlson, Jan and Fredriksson, Johan and Hansson, Hans and H{\aa}kansson, John and M\"{o}ller, Anders and Pettersson, Paul and Tivoli, Massimo},
 title = "{The SAVE Approach to Component-based Development of Vehicular Systems}",
 journal = "Journal of Systems and Software ",
 volume = {80},
 number = {5},
 year = {2007},
memo="issn = {0164-1212}",
 pages = {655-667},
memo="publisher = {Elsevier Science Inc.}",
memo="address = {New York, NY, USA}",
} 
@ARTICLE{par:Koala, 
author={R. van Ommering and F. van der Linden and J. Kramer and J. Magee}, 
journal={Computer}, 
title="{The Koala component model for consumer electronics software}", 
year={2000}, 
volume={33}, 
number={3}, 
pages={78-85}, 
}
@INPROCEEDINGS{par:Lua,
 author = {Ierusalimschy, Roberto and de Figueiredo, Luiz Henrique and Celes, Waldemar},
 title = "{The Evolution of Lua}",
 booktitle = {Proceedings of the Third ACM SIGPLAN Conference on History of Programming Languages},
memo="series = {HOPL III}",
 year = {2007},
memo="isbn = {978-1-59593-766-7}",
memo="location = {San Diego, California}",
 pages = {2-1--2-26},
memo="publisher = {ACM}",
} 
@INPROCEEDINGS{par:owl,
author = {Thomas W. Barr and Rebecca Smith and Scott Rixner},
title = "{Design and Implementation of an Embedded Python Run-Time System}",
booktitle = {Proceedings of the USENIX Annual Technical Conference (USENIX ATC 12)},
year = {2012},
memo="isbn = {978-931971-93-5}",
pages = {297-308},
}



@misc{par:zmodem,
    title="{The ZMODEM Inter Application File Transfer Protocol}",
    author={Forsberg, Chuck},
    year={1988},
memo="publisher={sl]: Omen Technology Inc}",
    howpublished = "\url{http://pauillac.inria.fr/~doligez/zmodem/zmodem.txt}",
                 
}
@INPROCEEDINGS{par:Blaming,
 author = {G\"{o}ssler, Gregor and A\c{s}tef\u{a}noaei, L\u{a}cr\u{a}mioara},
 title = "{Blaming in Component-based Real-time Systems}",
 booktitle = "{Proceedings of the 14th International Conference on Embedded Software}",
 series = {EMSOFT '14},
 year = {2014},
 isbn = {978-1-4503-3052-7},
 articleno = {7},
 numpages = {10},
 acmid = {2656048},
 memo={publisher = {ACM}},
} 
@INPROCEEDINGS{par:Verification,
 author = {Bonakdarpour, Borzoo and Kulkarni, Sandeep S.},
 title = "{Compositional Verification of Fault-tolerant Real-time Programs}",
 booktitle = "{Proceedings of the Seventh ACM International Conference on Embedded Software}",
 series = {EMSOFT '09},
 year = {2009},
 isbn = {978-1-60558-627-4},
 location = {Grenoble, France},
 pages = {29-38},
 numpages = {10},
 acmid = {1629341},
memo={publisher = {ACM}},
}
@article {par:Contiki,
	author = {Dutta, Prabal and Dunkels, Adam},
	title = "{Operating Systems and Network Protocols for Wireless Sensor Networks}",
	volume = {370},
	number = {1958},
	pages = {68-84},
	year = {2011},
	publisher = {The Royal Society},
	issn = {1364-503X},
	journal = {Philosophical Transactions of the Royal Society of London A: Mathematical, Physical and Engineering Sciences}
}
@INPROCEEDINGS{par:uIP,
 author = {Dunkels, Adam},
 title = "{Full TCP/IP for 8-bit Architectures}",
 booktitle = {Proceedings of the 1st International Conference on Mobile Systems, Applications and Services},
 series = {MobiSys '03},
 year = {2003},
 location = {San Francisco, California},
 pages = {85-98},
 numpages = {14},
 acmid = {1066118},
 publisher = {ACM},
} 

@article{par:lwIP,
author={Dunkels, Adam},
title="{Design and Implementation of the lwIP TCP/IP Stack}",
journal={Swedish Institute of Computer Science},
volume={2},
pages={77},
year={2001},
}

@ARTICLE{par:IoTIndustries,
author={L. D. Xu and W. He and S. Li}, 
journal={IEEE Transactions on Industrial Informatics}, 
title="{Internet of Things in Industries: A Survey}", 
year={2014}, 
volume={10}, 
number={4}, 
pages={2233-2243}, 
ISSN={1551-3203}, 
}
@ARTICLE{par:IoTComputing,
author={C. Perera and A. Zaslavsky and P. Christen and D. Georgakopoulos}, 
journal={IEEE Communications Surveys Tutorials}, 
title="{Context Aware Computing for The Internet of Things: A Survey}", 
year={2014}, 
volume={16}, 
number={1}, 
pages={414-454}, 
ISSN={1553-877X}, 
}

@misc{url:TOPPERS,
    title = "{TOPPERS Project}",
    howpublished = "\url{http://www.toppers.jp/en/index.html}",
}

@misc{url:AUTOSAR,
    title = "{AUTOSAR}",
    howpublished = "\url{http://www.autosar.org/}",
}
@misc{url:ASP,
    title = "{TOPPERS/ASP}",
    howpublished = "\url{https://www.toppers.jp/en/asp-kernel.html}",
}
@misc{url:HRP2,
    title = "{TOPPERS/HRP2}",
    howpublished = "\url{http://www.toppers.jp/en/hrp2-kernel.html}",
}
@misc{url:ASP3,
    title = "{TOPPERS/ASP3}",
    howpublished = "\url{https://www.toppers.jp/asp3-kernel.html}",
}
@misc{url:mruby,
    title = "{mruby}",
    howpublished = "\url{https://github.com/mruby/mruby}",
}
@misc{url:Lua,
    title = "{Lua}",
    howpublished = "\url{http://www.lua.org/}",
}
@misc{url:eLua,
    title = "{eLua}",
    howpublished = "\url{http://www.eluaproject.net}",
}
@misc{url:ChaiScript,
    title = "{ChaiScript}",
    howpublished = "\url{http://chaiscript.com/}",
}
@misc{url:Squirrel,
    title = "{Squirrel}",
    howpublished = "\url{http://www.squirrel-lang.org/}",
}
@misc{url:python-on-a-chip,
    title="{python-on-a-chip}",
    howpublished = "\url{http://code.google.com/archive/p/python-on-a-chip/}",
}
@misc{url:Ruby,
    title = "{Ruby}",
    howpublished = "\url{https://www.ruby-lang.org/en/}",
}
@misc{url:co-routine,
    title = "{class Fiber}",
    howpublished = "\url{http://docs.ruby-lang.org/en/2.3.0/Fiber.html}",
}
@misc{url:ev3rt+tecs,
    title = "{mruby-on-ev3rt+tecs}",
    howpublished = "\url{http://www.toppers.jp/tecs.html#mruby_ev3rt}",
}
@misc{url:TINET,
    title = "{TINET}",
    howpublished = "\url{https://www.toppers.jp/en/tinet.html}",
}
@misc{url:ITRON_TCP/IP_API_Spec,
    title = "{ITRON TCP/IP API Specification (Ver. 2.00.00)}",
    howpublished = "\url{http://www.tron.org/wp-content/themes/dp-magjam/pdf/specifications/en_US/TEF024-S003-02.00.00_en.pdf}",
}
@misc{url:Contiki,
    title = "{Contiki OS}",
    howpublished = "\url{http://www.contiki-os.org/}",
}
@misc{url:mruby-library,
    title = "{mruby libraries}",
    howpublished = "\url{http://mruby.org/libraries/}",
}
@misc{url:TECS,
    title = "{TECS}",
    howpublished = "\url{http://www.toppers.jp/tecs.html}",
}
@misc{url:TLSF,
    title = "{TLSF}",
    howpublished = "\url{http://www.gii.upv.es/tlsf/}",
}
@misc{url:enzi,
    title = "{enzi Board}",
    howpublished = "\url{http://enzi.cc/}",
}
@misc{url:rubyonrails,
    title = "{Ruby on Rails}",
    howpublished = "\url{http://rubyonrails.org/}",
}
