
@INPROCEEDINGS{par:mrubyonTECS, 
    author={Azumi, T. and Nagahara, Y. and Oyama, H. and Nishio, N.}, 
    booktitle={Proceedings of the 18th IEEE International Symposium on Real-Time Distributed Computing (ISORC)}, 
    title="{mruby on TECS: Component-Based Framework for Running Script Program}", 
    year={2015}, 
    pages={252-259}, 
    ISSN={1555-0885}, 
    month={April},
}
@INPROCEEDINGS{par:mruby, 
author={Tanaka, K. and Matsumoto, Y. and Arimori, H.}, 
booktitle={Proceedings of the International Conference on Computational Science and Its Applications (ICCSA)}, 
title="{Embedded System Development by Lightweight Ruby}", 
year={2011}, 
pages={282-285}, 
month={June},
}
@article{par:microITRON,
author = {Hiroaki Takada and Ken Sakamura},
title = "{$\mu$ITRON for Small-Scale Embedded Systems}",
journal ={IEEE Micro},
volume = {15},
number = {6},
issn = {0272-1732},
year = {1995},
pages = {46-54},
publisher = {IEEE Computer Society},
address = {Los Alamitos, CA, USA},
}
@article{par:OSEK,
  title="{TECS Components Providing Functionalities of OSEK Specifications for ITRON OS}",
  author={Atsushi Ohno and Takuya Azumi and Nobuhiko Nishio},
  journal={Journal of Information Processing},
  volume={22},
  number={4},
  pages={584-594},
  year={2014},
}
@INPROCEEDINGS{par:hr-tecs, 
author={Ishikawa, T. and Azumi, T. and Oyama, H. and Takada, H.}, 
booktitle={Proceedings of the 16th IEEE International Symposium on Object/Component/Service-Oriented Real-Time Distributed Computing (ISORC)}, 
title="{HR-TECS: Component technology for embedded systems with memory protection}", 
year={2013}, 
pages={1-8}, 
month={June},
}
@article{par:EV3,
  title="{A Platform for LEGO Mindstorms EV3 Based on an RTOS with MMU Support}",
  author={Li, Yixiao and Ishikawa, Takuya and Matsubara, Yutaka and Takada, Hiroaki},
  journal={OSPERT 2014},
  pages={51},
  year={2014}
}
@INPROCEEDINGS{par:TECS, 
author={Azumi, T. and Yamamoto, M. and Kominami, Y. and Takagi, N. and Oyama, H. and Takada, H.}, 
booktitle={Proceedings of the 10th IEEE International Symposium on Object and Component-Oriented Real-Time Distributed Computing}, 
title="{A New Specification of Software Components for Embedded Systems}", 
year={2007}, 
pages={46-50}, 
month={May},
}

@inproceedings{par:Crnkovic,
 author = {Crnkovic, Ivica},
 title = "{Component-based Software Engineering for Embedded Systems}",
 booktitle = {Proceedings of the 27th International Conference on Software Engineering},
 series = {ICSE '05},
 year = {2005},
 isbn = {1-58113-963-2},
 location = {St. Louis, MO, USA},
 pages = {712--713},
 acmid = {1062631},
 publisher = {ACM},
} 
@article{par:SAVEapproach,
title = "{The SAVE approach to component-based development of vehicular systems}",
journal = "Journal of Systems and Software ",
volume = "80",
number = "5",
pages = "655 - 667",
year = "2007",
note = "Component-Based Software Engineering of Trustworthy Embedded Systems ",
issn = "0164-1212",
author = "Mikael Åkerholm and Jan Carlson and Johan Fredriksson and Hans Hansson and John Håkansson and Anders Möller and Paul Pettersson and Massimo Tivoli",
}

@inproceedings{par:Lua,
 author = {Ierusalimschy, Roberto and de Figueiredo, Luiz Henrique and Celes, Waldemar},
 title = "{The Evolution of Lua}",
 booktitle = {Proceedings of the Third ACM SIGPLAN Conference on History of Programming Languages},
 series = {HOPL III},
 year = {2007},
 isbn = {978-1-59593-766-7},
 location = {San Diego, California},
 pages = {2-1--2-26},
 acmid = {1238846},
 publisher = {ACM},
} 

@inproceedings{par:owl,
author = {Thomas W. Barr and Rebecca Smith and Scott Rixner},
title = "{Design and Implementation of an Embedded Python Run-Time System}",
booktitle = {Proceedings of the USENIX Annual Technical Conference (USENIX ATC 12)},
year = {2012},
isbn = {978-931971-93-5},
pages = {297--308},
}

@misc{par:zmodem,
    title="{The ZMODEM Inter Application File Transfer Protocol}",
    author={Forsberg, Chuck},
    year={1988},
    publisher={sl]: Omen Technology Inc},
    howpublished = "\url{http://pauillac.inria.fr/~doligez/zmodem/zmodem.txt}",
                 
}

@misc{url:TOPPERS,
    title = "{TOPPERS Project}",
    howpublished = "\url{http://www.toppers.jp/en/index.html}",
}

@misc{url:AUTOSAR,
    title = "{AUTOSAR}",
    howpublished = "\url{http://www.autosar.org/}",
}
@misc{url:ASP,
    title = "{TOPPERS/ASP kernel}",
    author = {TOPPERS},        
    howpublished = "\url{https://www.toppers.jp/en/asp-kernel.html}",
}
@misc{url:HRP2,
    title = "{TOPPERS/HRP2 kernel}",
    author = {TOPPERS},
    howpublished = "\url{http://www.toppers.jp/en/hrp2-kernel.html}",
    
}
@misc{url:mruby,
    title = "{mruby}",
    howpublished = "\url{https://github.com/mruby/mruby}",
      
}
@misc{url:Lua,
    title = "{Lua}",
    howpublished = "\url{http://www.lua.org/}",
}
@misc{url:python-on-a-chip,
    title="{python-on-a-chip}",
    howpublished = "\url{http://code.google.com/archive/p/python-on-a-chip/}",
}
@misc{url:Ruby,
    title = "{Ruby}",
    howpublished = "\url{https://www.ruby-lang.org/en/}",
    
}
@misc{url:co-routine,
    title = "{class Fiber}",
    howpublished = "\url{http://docs.ruby-lang.org/en/2.3.0/Fiber.html}",
}

